<?xml version="1.0" encoding="UTF-8" ?>
<marc:collection xmlns:marc="http://www.loc.gov/MARC21/slim" 
xmlns:xsi="http://www.w3.org/2001/XMLSchema-instance" 
xsi:schemaLocation="http://www.loc.gov/MARC21/slim 
http://www.loc.gov/standards/marcxml/schema/MARC21slim.xsd">
  <marc:record>
    <marc:leader>00000nam a2200421 c 4500</marc:leader>
    <marc:controlfield tag="007">cr |||||||||||</marc:controlfield>
    <marc:controlfield tag="007">tu</marc:controlfield>
    <marc:controlfield tag="008">      |2017    au      om    ||| |     u</marc:controlfield>
    <marc:datafield tag="040" ind1=" " ind2=" ">
      <marc:subfield code="a">UBG</marc:subfield>
      <marc:subfield code="b">ger</marc:subfield>
      <marc:subfield code="c">VL-WG-UBG</marc:subfield>
      <marc:subfield code="e">rda</marc:subfield>
    </marc:datafield>
    <marc:datafield tag="044" ind1=" " ind2=" ">
      <marc:subfield code="c">XA-AT</marc:subfield>
    </marc:datafield>
    <marc:datafield tag="100" ind1="1" ind2=" ">
      <marc:subfield code="a">Wagner, Philipp</marc:subfield>
      <marc:subfield code="4">aut</marc:subfield>
    </marc:datafield>
    <marc:datafield tag="245" ind1="0" ind2="0">
      <marc:subfield code="a">Characterization of microbial communities associated with fungal sclerotia</marc:subfield>
    </marc:datafield>
    <marc:datafield tag="246" ind1="3" ind2="3">
      <marc:subfield code="a">Characterization of microbial communities associated with fungal sclerotia</marc:subfield>
    </marc:datafield>
    <marc:datafield tag="264" ind1=" " ind2="1">
      <marc:subfield code="a">Graz</marc:subfield>
      <marc:subfield code="c">2017</marc:subfield>
    </marc:datafield>
    <marc:datafield tag="336" ind1=" " ind2=" ">
      <marc:subfield code="b">txt</marc:subfield>
    </marc:datafield>
    <marc:datafield tag="337" ind1=" " ind2=" ">
      <marc:subfield code="b">n</marc:subfield>
    </marc:datafield>
    <marc:datafield tag="338" ind1=" " ind2=" ">
      <marc:subfield code="b">nc</marc:subfield>
    </marc:datafield>
    <marc:datafield tag="500" ind1=" " ind2=" ">
      <marc:subfield code="a">Arbeit an der Bibliothek noch nicht eingelangt - Daten nicht geprüft</marc:subfield>
    </marc:datafield>
    <marc:datafield tag="500" ind1=" " ind2=" ">
      <marc:subfield code="a">Abweichender Titel laut Übersetzung des Verfassers/der Verfasserin</marc:subfield>
    </marc:datafield>
    <marc:datafield tag="502" ind1=" " ind2=" ">
      <marc:subfield code="b">Masterarbeit</marc:subfield>
      <marc:subfield code="c">Karl-Franzens-Universität Graz</marc:subfield>
      <marc:subfield code="d">2017</marc:subfield>
    </marc:datafield>
    <marc:datafield tag="520" ind1=" " ind2=" ">
        <marc:subfield code="a">ger: Pflanzenkrankheiten von Pilzen verursacht sorgen weltweit für große Schäden an den betroffenen Kulturen und verursachen dementsprechend hohe Ernteverluste. Das betrifft auch die durch Sclerotoinia sclerotiorum verursachte Weißstengeligkeit sowie die durch Rhizoctonia solani ausgelöste Wurzeltöterkrankheit. Durch die Bildung von Sklerotien, wobei es sich um widerstandsfähige pilzliche Überdauerungsformen handelt, besitzen beide Pflanzenpathogene die Möglichkeit, viele Jahre im Boden oder Pflanzenrückständen zu überdauern um bei geeigneten Umweltbedingungen neue Wirtspflanzen zu infizieren. Das Ziel dieser Arbeit war, den Nachweis zu erbringen, ob Sklerotien durch flüchtige organische Verbindungen (VOCs) welche von antagonistischen Bakterienstämmen produziert wurden, in ihrer Keimfähigkeit beeinflusst beziehungsweise gehemmt werden können. Um eine mögliche Eignung als Biokontrollmittel festzustellen wurden Bakterien, welche mit Sklerotien beider Erregern assoziiert sind isoliert und auf ihre antagonistische Wirkung getestet. Mit Hilfe von kultivierungsabhängigen und unabhängigen Methoden konnten einzelne Isolate aber auch ganze mikrobielle Gemeinschaften charakterisiert werden. Anhand der Daten einer 16S rRNA Amplikon Studie konnten signifikant verschiedene bakterielle Gemeinschaften für gesunde und mit Sklerotien infizierte Kartoffeln nachgewiesen werden. Flavobacteriaceae und Caulobacteraceae kommen vorwiegend auf gesunder Kartoffelhaut vor, wohingegen Intrasporangiaceae und Gaiellaceae mit Sklerotien infizierter Kartoffelhaut assoziiert sind. Weitere Untersuchungen bezüglich der antagonistischen Wirkung von VOCs ergaben, dass vor allem VOCs der Gattung Bacillus eine starke Wirksamkeit gegen das Myzel von S. sclerotiorum und eine schwächere Wirksamkeit gegen das Myzel von R. solani besitzen. Behandlungen von Sklerotien durch VOCs von Bacillus sp. T63, Buttiauxella warmboldiae T74, Pseudomonas sp. B94 und verschiedener Bacillus Konsortien zeigten nach mehreren Versuchsoptimierungen, dass es zu eindeutigen äußerlichen und inneren Veränderungen am Sklerotium kommt. Obwohl die Keimfähigkeit der Sklerotien nicht vollständig durch VOCs gehemmt werden konnte, können sie trotzdem sehr wertvoll sein um den antagonistischen Effekt von Bakterien zu erhöhen. Dies würde die Möglichkeit bieten um eine neue Generation von Biokontrollmitteln zu entwickeln um die Keimfähigkeit von Sklerotien nachhaltig zu reduzieren.</marc:subfield>
    </marc:datafield>
    <marc:datafield tag="520" ind1=" " ind2=" ">
      <marc:subfield code="a">eng: Plant diseases that are caused by fungal pathogens can substantially damage plants, which results in high yield losses world-wide. Sclerotinia sclerotiorum, which causes white mold or stem rot on host plants and Rhizoctonia solani, which is responsible for stem canker and black scurf on 150 host plants are such pathogens. The development of sclerotia, which are persistent resting structures, allows both fungal pathogens to outlive over several years in soil or plant residues until suitable environmental conditions are available to infect new host plants. The main aim of this study was to investigate, if the germination capacity of sclerotia can be influenced or inhibited by the exposure to volatile organic compounds (VOCs) from antagonistic bacterial strains. Therefore, bacteria associated with both fungal pathogens were isolated and tested for antagonism to identify putative biocontrol agents. By using cultivation-dependent and –independent methods, single isolates as well as whole microbial communities were characterized. Data from a 16S rRNA amplicon study was used to identify distinctive bacterial communities that are associated with healthy and sclerotia-affected potato skin. On unaffected potato skin, primarily Flavobacteriaceae and Caulobacteraceae were found whereas Intrasporangiaceae and Gaiellaceae were associated with sclerotia infected skin. Further investigations regarding the antagonistic impact of VOCs showed that especially VOCs from the genus of Bacillus have a strong inhibitory impact towards the mycelium of S. sclerotiorum while mycelium of R. solani was not as strongly affected. Treatments of sclerotia from S. sclerotiorum with VOCs of Bacillus sp. T63, Buttiauxella warmboldiae T74, Pseudomonas sp. B94 and distinct Bacillus consortia showed clear changes in the inner and external structure of the sclerotia. Although the germination of sclerotia was not entirely inhibited by VOCs, they could be very valuable to boost the effect of antagonistic bacteria. This offers the opportunity to develop a new generation of biocontrol agents that can reliably reduce the germination capacity of sclerotia.</marc:subfield>
    </marc:datafield>
    <marc:datafield tag="655" ind1=" " ind2="7">
      <marc:subfield code="a">Hochschulschrift</marc:subfield>
      <marc:subfield code="0">(DE-588)4113937-9</marc:subfield>
      <marc:subfield code="2">gnd-content</marc:subfield>
    </marc:datafield>
    <marc:datafield tag="700" ind1="1" ind2=" ">
      <marc:subfield code="4">aut</marc:subfield>
    </marc:datafield>
    <marc:datafield tag="751" ind1=" " ind2=" ">
      <marc:subfield code="a">Graz</marc:subfield>
      <marc:subfield code="0">(DE-588)4021912-4</marc:subfield>
      <marc:subfield code="4">uvp</marc:subfield>
      <marc:subfield code="2">gnd</marc:subfield>
    </marc:datafield>
    <marc:datafield tag="856" ind1="4" ind2=" ">
      <marc:subfield code="u">https://it013179.pers.ad.uni-graz.at:7090/Nawi/af056a332257740eb9be8b75a912522a.pdf</marc:subfield>
      <marc:subfield code="x">UBG</marc:subfield>
      <marc:subfield code="3">Volltext</marc:subfield>
    </marc:datafield>
    <marc:datafield tag="970" ind1="2" ind2=" ">
      <marc:subfield code="d">HS-MASTER</marc:subfield>
    </marc:datafield>
    <marc:datafield tag="971" ind1="1" ind2=" ">
      <marc:subfield code="a">Berg, Gabriele</marc:subfield>
    </marc:datafield>
    <marc:datafield tag="971" ind1="3" ind2=" ">
      <marc:subfield code="a">2017-10</marc:subfield>
    </marc:datafield>
    <marc:datafield tag="971" ind1="5" ind2=" ">
      <marc:subfield code="a">Universität Graz</marc:subfield>
      <marc:subfield code="b">Naturwissenschaftliche Fakultät</marc:subfield>
      <marc:subfield code="c">Institut für Pflanzenwissenschaften</marc:subfield>
      <marc:subfield code="0">vls-obvugr-196515</marc:subfield>
    </marc:datafield>
    <marc:datafield tag="974" ind1="0" ind2="s">
      <marc:subfield code="F">030</marc:subfield>
      <marc:subfield code="A">a|1urr|||||17</marc:subfield>
    </marc:datafield>
    <marc:datafield tag="974" ind1="0" ind2="s">
      <marc:subfield code="F">050</marc:subfield>
      <marc:subfield code="A">a|a|||||g|||||</marc:subfield>
    </marc:datafield>
    <marc:datafield tag="974" ind1="0" ind2="s">
      <marc:subfield code="F">051</marc:subfield>
      <marc:subfield code="A">mu||||||</marc:subfield>
    </marc:datafield>
  </marc:record>
</marc:collection>
